@article{conant03,
   title={On a theorem of Kontsevich},
   volume={3},
   number={2},
   journal={Algebraic \& Geometric Topology},
   %publisher={Mathematical Sciences Publishers},
   author={Conant, James and Vogtmann, Karen},
   year={2003},
   pages={1167--1224} 
}

@article{conant08,
  title={Morita classes in the homology of $\on{Aut}(F_n)$ vanish after one stabilization},
  author={Conant, James and Vogtmann, Karen},
  journal={Groups, Geometry, and Dynamics},
  volume={2},
  number={1},
  pages={121--138},
  year={2008}
}

@article{conant04,
  title={Morita classes in the homology of automorphism groups of free groups},
  author={Conant, James and Vogtmann, Karen},
  journal={Geometry \& Topology},
  volume={8},
  number={3},
  pages={1471--1499},
  year={2004},
  %publisher={Mathematical Sciences Publishers}
}

@article{conant16,
  title={Assembling homology classes in automorphism groups of free groups},
  author={Conant, James and Hatcher, Allen and Kassabov, Martin and Vogtmann, Karen},
  journal={Commentarii Mathematici Helvetici},
  volume={91},
  number={4},
  pages={751--806},
  year={2016}
}


@article{galatius11,
  title={Stable homology of automorphism groups of free groups},
  author={Galatius, S{\o}ren},
  journal={Annals of mathematics},
  pages={705--768},
  year={2011},
  %publisher={JSTOR}
}


@phdthesis{gray11,
  title={On the homology of automorphism groups of free groups.},
  author={Gray, Jonathan Nathan},
  school={University of Tennessee},
  year={2011}
}


@article{bartholdi16,
      title={The rational homology of the outer automorphism group of $F_7$}, 
      author={Laurent Bartholdi},
      year={2016},
      journal={New York Journal of Mathematics},
      volume={22},
      pages={191--197}
}


@article{vogtmann16,
      title={The topology and geometry of automorphism groups of free groups}, 
      author={Karen Vogtmann},
      year={2018},
      journal={Proceedings of the 2016 European Congress of Mathematicians},
      pages={181--202},
      %publisher={EMS Publishing House}
}

@book{harary69,
        title={Graph Theory},
        author={Frank Harary},
        year={1969},
        address={Reading Massachusetts},
        publisher={Addison-Wesley}
}

%@article{kontsevich94,
%        title={Feynman diagrams and low-dimensional topology},
%        journal={First European Congress of Mathematics (Paris, 1992)},
%        pages={97--121},
%        series={Progress in Mathematics},
%        year={1994},
%        publisher={Birkh√§user Basel}
%}

@book{hatcher00,
      author={Hatcher, Allen},
      title={Algebraic Topology},
      publisher={Cambridge University Press},
      address={Cambridge},
      year={2001}
}

@article{hatcher98,
  title={Rational homology of $\on{Aut}(F_n) $ },
  author={Hatcher, Allen and Vogtmann, Karen},
  journal={Mathematical Research Letters},
  volume={5},
  number={6},
  pages={759--780},
  year={1998},
  %publisher={International Press of Boston}
}

@article{hatcher04,
  title={Homology stability for outer automorphism groups of free groups},
  author={Hatcher, Allen and Vogtmann, Karen},
  journal={Algebraic \& Geometric Topology},
  volume={4},
  number={2},
  pages={1253--1272},
  year={2004},
  %publisher={Mathematical Sciences Publishers}
}
      
@article{vogtmann86,
    author = {Vogtmann, Karen and Culler, Marc},
    journal = {Inventiones mathematicae},
    pages = {91--120},
    title = {Moduli of graphs and automorphisms of free groups.},
    volume = {84},
    year = {1986}
}    


@unpublished{natan01,
  title={Graph Cohomology - An Overview and Some Computations},
  author={Bar-Natan, Dror and McKay, Brendan},
  howpublished={unpublished preprint. \url{www.math.toronto.edu/drorbn/papers/GCOC/GCOC.ps}},
  %year={2001}
}

@article{nielsen17, 
  title={Die Isomorphismen der allgemeinen, unendlichen Gruppe mit zwei Erzeugenden},
  author={Nielsen, Jakob},
  journal={Mathematische Annalen},
  volume={78},
  number={1},
  pages={385--397},
  year={1917},
  %publisher={Springer}
}
    
@article{vogtmann02,
  title={Automorphisms of Free Groups and Outer Space},
  author={Vogtmann, Karen},
  journal={Geometriae Dedicata},
  volume={94},
  number={1},
  pages={1--31},
  year={2002},
  %publisher={Springer}
}

@article{ohashi08,
  title={The Rational Homology Group of $\out(F_n)$ for $n \leq 6$},
  author={Ohashi, Ryo},
  journal={Experimental Mathematics},
  volume={17},
  number={2},
  pages={167--179},
  year={2008},
  %publisher={Taylor \& Francis}
}

@article{morita15moduli,
  title={Computations in formal symplectic geometry and characteristic classes of moduli spaces},
  author={Morita, Shigeyuki and Sakasai, Takuya and Suzuki, Masaaki},
  journal={Quantum Topology},
  volume={6},
  number={1},
  pages={139--182},
  year={2015}
}

@article{morita15euler,
  title={Integral Euler characteristic of $\out(F_{11})$},
  author={Morita, Shigeyuki and Sakasai, Takuya and Suzuki, Masaaki},
  journal={Experimental Mathematics},
  volume={24},
  number={1},
  pages={93--97},
  year={2015},
  %publisher={Taylor \& Francis}
}

